%=================================================
%              Обзор литературы
%=================================================

% Зачем это нужно
@article{
    iceberg_drift,
    author = {Eik, Kenneth},
    year = {2009},
    month = {07},
    pages = {67-90},    
    title = {Iceberg drift modelling and validation of applied metocean hindcast data},
    volume = {57},
    journal = {Cold Regions Science and Technology},
    doi = {10.1016/j.coldregions.2009.02.009},
    hyphenation = {english}
}

% Обзорная статья ИБ по арктическим задачам
@article{
    petrov_arctic,
    author = {Петров, И. Б.},
    year = {2018},
    pages = {103-106},
    title = {Проблемы моделирования природных и антропогенных процессов в~Арктической зоне Российской Федерации},
    volume = {30},
    number = {7},
    journal = {Матем. моделирование},
    %url = {10.http://mi.mathnet.ru/mm3988}
}

% Влияние землетрясений на лёд
@inproceedings
{
    ice_during_earthquake,
    author = {Yamauchi, Y. and Kamesaki, K. and Hyodo, M.},
    year = {2002},
    month = {05},
    pages = {802-807},
    title = {Numerical Simulation on Ice-Structure Interaction during Earthquakes},
    volume = {159},
    booktitle = {Proceedings of The Twelfth (2002) International Offshore and Polar Engineering Conference},
    isbn = {1-880653-58-3},
    hyphenation = {english}
}

% Столкновение с айсбергами
@article
{
    iceberg_crash,
    author = {Бирюков, В. А. and Миряха, В. А. and Петров, И. Б.},
    year = {2017},
    pages = {696–699},
    title = {Анализ зависимости глобальной нагрузки от
механических параметров льда при взаимодействии
ледяного поля с конструкцией},
    volume = {474},
    number = {6},
    journal = {Доклады Академии наук},
    doi = {10.7868/S0869565217180098}
}

% Столкновение с айсбергами 2
@article
{
    iceberg_crash2,
    author = {Миряха, В. А. and Санников, А. В. and Бирюков, В. А. and Петров, И. Б.},
    pages = {110-118},
    title = {Моделирование экспериментов по исследованию прочностных характеристик льда разрывным методом Галёркина},
    year = {2018},
    volume = {30},
    number = {2},
    journal = {Матем. моделирование},
    %url = {http://mi.mathnet.ru/mm3942}
}

% Контактное разрушение льда
@article
{
    epifanov_crash,
    author = {Епифанов, В. П.},
    year = {2020},
    pages = {274-284},
    title = {Особенности контактного разрушения льда},
    volume = {60},
    number = {2},
    journal = {Лёд и снег},
    doi = {doi:10.31857/S2076673420020040}
}

% Влияние льда на сейсморазведку
@article
{
    stogniy_ice_influence,
    author = {Stognii, Polina and Petrov, Igor and Favorskaya, Alena},
    year = {2019},
    month = {01},
    pages = {870-877},
    title = {The influence of the ice field on the seismic exploration in the Arctic region},
    volume = {159},
    journal = {Procedia Computer Science},
    doi = {10.1016/j.procs.2019.09.246},
    hyphenation = {english}
}

% Про термические воздействия на лёд (Канадцы)
@article
{
    canadian_arctic,
    author = {Crawford, Anna and Mueller, Derek and Humphreys, Elyn and Carrieres, Tom and Tran, Hai},
    year = {2015},
    month = {02},
    pages = {170-182},
    title = {Surface ablation model evaluation on a drifting ice island in the Canadian Arctic},
    volume = {110},
    journal = {Cold Regions Science and Technology},
    doi = {https://doi.org/10.1016/j.coldregions.2014.11.011},
    hyphenation = {english}
}

% Про СХМ
@article{
    zhdanov_gcm,
    author = {Favorskaya, Alena and Zhdanov, Michael and Khokhlov, Nikolay and Petrov, Igor},
    year = {2018},
    month = {05},
    pages = {1485–1502},
    title = {Modeling the wave phenomena in acoustic and elastic media with sharp variations of physical properties using the grid-characteristic method},
    volume = {66},
    journal = {Geophysical Prospecting},
    doi = {10.1111/1365-2478.12639},
    hyphenation = {english}
}

% Про СХМ
@article
{
    biryukov_fractured_layers,
    author = {Biryukov, V. and Muratov, M. and Petrov, I. and Sannikov, A. and Favorskaya, A.},
    year = {2015},
    month = {10},
    pages = {1733-1742},
    title = {Application of the grid-characteristic method on unstructured tetrahedral meshes to the solution of direct problems in seismic exploration of fractured layers},
    volume = {55},
    journal = {Computational Mathematics and Mathematical Physics},
    doi = {10.1134/S0965542515100073},
    hyphenation = {english}
}

% Докторский диссер А.В.Фаворской
@thesis{
    favorskaya_thesis,
    author       = {Фаворская, А. В.}, 
    title        = {Метод исследования пространственных волновых явлений в средах со сложной структурой с помощью вычислительных экспериментов},
    school       = {Московский физико-технический институт (государственный университет)},
    year         = {2018},
    note         = {дис. д-ра физ.-мат. наук}
}

% Состья Н.И.Хохлова с PML
@article{
    seismo_pml,
    author = {Шалашников, А. В. and Фиников, Д. Б. and  Хохлов, Н. И. and Иванов, А. М.},
    title = {Новые подходы в оптимизации расчета волновых полей, связанных непосредственно с выделенной целевой областью сейсмического отклика},
    journal = {Геофизические технологии},
    year = {2019},
    volume = {},
    number = {1},
    pages = {4-32},
    doi = {10.18303/2619–1563–2019–1–4},
    %url = {https://seismotech.ru/download/58557/}
}

%=================================================
%                   Остров
%=================================================

% Схема КИР
@article
{
    cir_scheme,
    author = {Courant, R. and Isaacson, E. and Rees, M.},
    year = {1952},
    month = {08},
    pages = {243-255},
    title = {On the Solution of Nonlinear Hyperbolic Differential Equations by Finite Differences},
    volume = {5},
    number = {3},
    journal = {Comm. Pure Appl. Math.},
    doi = {10.1002/cpa.3160050303},
    hyphenation = {english}
}


% + мб про Русанова К. М. Магомедов, А. С. Холодов, О построении разностных схем для уравнений гиперболического типа на основе характеристических соотношений, Ж. вычисл. матем. и матем. физ., 1969, том 9, номер 2, 373–386
%http://www.mathnet.ru/links/2f4d9e5725a56dabadced5481c2ca461/zvmmf7067.pdf

% Схема Русанова
% http://www.mathnet.ru/php/archive.phtml?wshow=paper&jrnid=zvmmf&paperid=415&option_lang=rus
@article
{
    kholodov,
    author = {Холодов, А. С. and Холодов, Я. А.},
    year = {2006},
    month = {08},
    pages = {1638-1667},
    title = {О~критериях монотонности разностных схем для уравнений гиперболического типа},
    volume = {46},
    number = {9},
    journal = {Ж. вычисл. матем. и матем. физ},
    doi = {10.1134/S0965542506090089},
    %url = {http://www.mathnet.ru/php/archive.phtml?wshow=paper&jrnid=zvmmf&paperid=415&option_lang=rus}
}

% Схема Русанова + КИР
%https://www.intuit.ru/studies/courses/1170/213/lecture/5493?page=4
@book
{
    petrov_lobanov_book,
    author    = {Петров, И. Б. and Лобанов, А. И.}, 
    title     = {Лекции по вычислительной математике: Учебное пособие},
    publisher = {М.: Интернет-Университет Информационных Технологий; БИНОМ. Лаборатория знаний},
    year      = 2006,
    isbn      = {978-5-9556-0065-9}
}

% Оригинальный Хартеновский TVD
@article
{
    harten,
    author    = {Harten, A.}, 
    title     = {High resolution schemes for hyperbolic conservation laws},
    journal   = {J. of Computational
Physics},
    year      = 1983,
    volume    = {49},
    number    = {3},
    pages     = {357-393},
    doi       = {https://doi.org/10.1016/0021-9991(83)90136-5},
    hyphenation = {english}
}

% Про TVD на русском
@article
{
    rus_tvd,
    author    = {Барахнин, В. Б. and Бородкин, Н. В.}, 
    title     = {TVD схема второго порядка аппроксимации на подвижной адаптивной сетке для гиперболических систем},
    journal   = {Сиб. журн. вычисл. матем.},
    year      = 2000,
    volume    = {3},
    number    = {2},
    pages     = {109–121},
    %url       = {http://www.mathnet.ru/links/0cababd420021609da89db24d39e73a6/sjvm357.pdf}
}

% Релаксационный метод (метод установления)
@article
{
    fedorenko_relaxation,
    author    = {Федоренко, Р. П.}, 
    title     = {Релаксационный метод решения разностных эллиптических уравнений},
    journal   = {Ж. вычисл. матем. и матем. физ.},
    year      = 1961,
    volume    = {1},
    number    = {5},
    pages     = {922-927},
    %url       = {http://www.mathnet.ru/links/078e691225c40fed3a957ebf43d4a166/zvmmf8014.pdf}
}

% Про разрушение
@article
{
    grigoriev,
    author    = {Григорьевых, Д. П. and Хохлов, Н. И. and Петров, И. Б.},
    title     = {Расчёт динамического разрушения в твёрдых деформируемых телах},
    journal   = {Матем. моделирование},
    year      = 2017,
    volume    = {29},
    number    = {4},
    pages     = {45-58},
    %url       = {http://www.mathnet.ru/php/archive.phtml?wshow=paper&jrnid=mm&paperid=3836&option_lang=rus}
}

%=================================================
%                   P M L
%=================================================

% Оригинальная статья
@article
{
    berenger,
    author = {Berenger, J. P.},
    year = {1994},
    month = {10},
    pages = {185–200},
    title = {A Perfectly Matched Layer for the absorption of electromagnetic waves},
    volume = {114},
    number = {2},
    journal = {J. of Comp.Phys},
    doi = {10.1016/S0168-9274(98)00026-9},
    issn = {0021-9991},
    hyphenation = {english}
}

% Вывод Beringer PML (акустика из уравнений Максвелла)
% https://www.researchgate.net/publication/222488665_Absorbing_PML_boundary_layers_for_wave-like_equations
@article
{
    pml_from_maxwell,
    author = {Turkel, E. and Yefet, A.},
    year = {1998},
    month = {08},
    pages = {533-557},
    title = {Absorbing PML boundary layers for wave-like equations},
    volume = {27},
    journal = {Applied Numerical Mathematics},
    doi = {10.1016/S0168-9274(98)00026-9},
    hyphenation = {english}
}

% Расщепление систем при выводе PML с СХМ (статья Марчука)
% http://www.mathnet.ru/links/804fe31f9ef894bfe997bbca572c38e7/zvmmf2383.pdf
@article
{
    rashep_marchuk,
    author = {Марчук, Г. И.},
    year = {1995},
    month = {08},
    pages = {667-671},
    title = {Методы расщепления для решения нестационарных задач},
    volume = {35},
    number = {6},
    journal = {Ж. вычисл. матем. и матем. физ.},
    %url = {http://www.mathnet.ru/links/804fe31f9ef894bfe997bbca572c38e7/zvmmf2383.pdf}
}

% split-field PML
% https://www.researchgate.net/publication/228077486_Application_of_the_Perfectly_Matched_Absorbing_Layer_Model_to_the_Linear_Elastodynamic_Problem_in_Anisotropic_Heterogeneous_Media
@article{
    split_field_pml,
    author = {Collino, F. and Tsogka, C.},
    year = {2001},
    month = {01},
    pages = {294-307},
    title = {Application of the Perfectly Matched Absorbing Layer Model to the Linear Elastodynamic Problem in Anisotropic Heterogeneous Media},
    volume = {66},
    journal = {Geophysics},
    doi = {10.1190/1.1444908},
    hyphenation = {english}
}

% Про виды PML
% http://129.67.184.129/trefethen/6all.pdf
@book
{
    Trefethen1996FiniteDA,
    author = {Lloyd N. Trefethen},
    title = {Finite Difference and Spectral Methods for Ordinary and Partial Differential Equations},
    pages  = {225-226},
    year   = {1994},
    publisher = {Cornell University},
    hyphenation = {english}
}

% Японская книжка, немного про pml
@book
{
    arch_comp_sim,
    author    = {Sakamoto, S. and Tsuru, H. and Toyoda, M and Asakura, T.}, 
    title     = {Computational Simulation in Architectural and Environmental Acoustics},
    publisher = {Springer Japan},
    year      = 2014,
    pages     = {20-25},
    isbn      = {978-4-431-54454-8},
    doi       = {10.1007/978-4-431-54454-8},
    url       = {https://doi.org/10.1007/978-4-431-54454-8_},
    hyphenation = {english}
}

